@article{jin2014solution,
  title={On the solution of an elliptical inhomogeneity in plane elasticity by the equivalent inclusion method},
  author={Jin, Xiaoqing and Wang, Zhanjiang and Zhou, Qinghua and Keer, Leon M and Wang, Qian},
  journal={Journal of Elasticity},
  volume={114},
  pages={1--18},
  year={2014},
  publisher={Springer}
}